
@article{fundora_divulgacion_2021,
	title = {La divulgación científica: una herramienta eficaz en centros de investigación},
	volume = {7},
	rights = {Copyright (c) 2011 Bibliotecas. Anales de investigación},
	issn = {1683-8947},
	url = {\url{http://revistas.bnjm.cu/index.php/BAI/article/view/315}},
	shorttitle = {La divulgación científica},
	abstract = {La divulgación pone su interés no solo en los descubrimientos científicos del momento, sino también en teorías más o menos bien establecidas oaceptadas socialmente o incluso en campos enteros del conocimiento científico. La divulgación científica es acercar la ciencia al público general no especializado; es toda actividad de explicación y difusión de los  conocimientos, la cultura y el pensamiento científico y técnico. El presente trabajo enfatiza en la importancia de la divulgación científica en los centros de investigación como oportunidades que abren caminos del saber y el conocimiento; por ello nos proponemos, como objetivo, utilizarla como una herramienta eficaz para promover nuestros resultados.},
	pages = {105--108},
	number = {0},
	journal = {Bibliotecas. Anales de investigación},
	author = {Fundora, Yolaisy Sánchez and García, Yudit Roque},
	urldate = {2022-08-10},
	date = {2021-04-18},
	year = {2021},
	langid = {spanish},
	note = {Number: 0},
	keywords = {centros de investigación, divulgación científica, research centers, scientific disemination},
	file = {Full Text PDF:C\:\\Users\\arnol\\Zotero\\storage\\62XGH5ZZ\\Fundora y García - 2021 - La divulgación científica una herramienta eficaz .pdf:application/pdf},
}

@article{barcelo_ciencia_1998,
	author = {Barceló, Miquel},
	title = {Ciencia, divulgación científica y ciencia ficción},
	pages = {35--35},
	journal = {Quark},
	year = {1998},
}

@article{espinosa_santos_difusion_2010,
	title = {{DIFUSIÓN} Y {DIVULGACIÓN} {DE} {LA} {INVESTIGACIÓN} {CIENTÍFICA}},
	volume = {28},
	issn = {0718-3429},
	url = {\url{https://cutt.ly/NZ5yVKe}},
	doi = {10.4067/S0718-34292010000300001},
	pages = {5--6},
	number = {3},
	journaltitle = {Idesia (Arica)},
	author = {Espinosa Santos, Victoria},
	urldate = {2022-08-10},
	date = {2010-12},
	year = {2010},
	note = {Publisher: Universidad de Tarapacá. Facultad de Ciencias Agronómicas},
	
}

@misc{inti_cine_2021,
	title = {Cine documental ¿Qué es? Tipos de documental y sus características.},
	url = {https://intiaudiovisual.com/cine-documental/},
	shorttitle = {Cine documental ¿Qué es?},
	abstract = {El documental es una de las expresiones cinematográficas más representativas. Aprende que es, sus características y tipos.},
	titleaddon = {{INTI}},
	author = {{INTI}},
	urldate = {2022-08-10},
	year = {2021},
	date = {2021-09-08},
	langid = {spanish},
	file = {Snapshot:C\:\\Users\\arnol\\Zotero\\storage\\BD3HAHEE\\cine-documental.html:text/html},
}

@misc{diana_caracteristicas_2021,
	title = {Caracteristicas de una revista de divulgacion cientifica},
	url = {https://ejemplos.net/caracteristicas-de-una-revista-de-divulgacion-cientifica/},
	abstract = {¿Qué características tiene la revista de divulgación científica? Las revistas de divulgación científica contienen artículos que tienen el propósito de exponer y comunicar de manera exacta y real descubrimientos o explicaciones de suceso, fenómenos y objetos. Este tipo de artículos son textos informativos escritos con lenguaje literal. ¿Cuáles son las características de un artículo de […]},
	titleaddon = {Ejemplos},
	author = {Diana},
	urldate = {2022-08-10},
	date = {2021-09-01},
	year = {2021},
	langid = {spanish},
	file = {Snapshot:C\:\\Users\\arnol\\Zotero\\storage\\VBSSWVX4\\caracteristicas-de-una-revista-de-divulgacion-cientifica.html:text/html},
}

@misc{noauthor_investigacion_nodate,
	title = {La investigación científica a través de Internet},
	url = {http://www.ub.edu/geocrit/arac-19.html},
	howpublished={\url{http://www.ub.edu/geocrit/arac-19.html}},
	note = {Consultado el día 2022-08-10},
	urldate = {2022-08-10},
	year = {2022},
	author = {\textit{La Investigación científica a través de Internet}},
	file = {La investigación científica a través de Internet:C\:\\Users\\arnol\\Zotero\\storage\\GNDCH366\\arac-19.html:text/html},
}